<record><leader>00000cas a2200000 a 4500</leader><controlfield tag="001">11368653</controlfield><controlfield tag="008">841109d18601860paucr ne      0    0eng d</controlfield><datafield ind1=" " ind2=" " tag="010"><subfield code="a">sn 84035978 </subfield></datafield><datafield ind1=" " ind2=" " tag="040"><subfield code="a">NYG</subfield><subfield code="b">eng</subfield><subfield code="c">NYG</subfield><subfield code="d">NPH</subfield><subfield code="d">NPX</subfield><subfield code="d">NPH</subfield><subfield code="d">OCL</subfield><subfield code="d">MFN</subfield><subfield code="d">KNP</subfield><subfield code="d">CNK</subfield><subfield code="d">NYS</subfield><subfield code="d">OCL</subfield><subfield code="d">OCLCQ</subfield><subfield code="d">OCLCF</subfield><subfield code="d">OCLCO</subfield></datafield><datafield ind1=" " ind2=" " tag="012"><subfield code="b">3</subfield></datafield><datafield ind1=" " ind2=" " tag="019"><subfield code="a">16817020</subfield></datafield><datafield ind1="1" ind2=" " tag="029"><subfield code="a">AU@</subfield><subfield code="b">000020232765</subfield></datafield><datafield ind1=" " ind2=" " tag="042"><subfield code="a">msc</subfield></datafield><datafield ind1=" " ind2=" " tag="043"><subfield code="a">n-us-pa</subfield></datafield><datafield ind1="0" ind2=" " tag="130"><subfield code="a">Harrisburg telegraph (Harrisburg, Pa. : 1860)</subfield></datafield><datafield ind1="1" ind2="0" tag="245"><subfield code="a">Harrisburg telegraph.</subfield></datafield><datafield ind1="1" ind2="3" tag="246"><subfield code="a">Harrisburg semi-weekly telegraph</subfield></datafield><datafield ind1=" " ind2=" " tag="260"><subfield code="a">Harrisburg, Pa. :</subfield><subfield code="b">Geo. Bergner &amp; Co.,</subfield><subfield code="c">1860.</subfield></datafield><datafield ind1=" " ind2=" " tag="300"><subfield code="a">v.</subfield></datafield><datafield ind1=" " ind2=" " tag="310"><subfield code="a">Semiweekly</subfield></datafield><datafield ind1="0" ind2=" " tag="362"><subfield code="a">New ser., v. 31, no. 20 (Feb. 4, 1860)-new ser., v. 31, no. 36 (Mar. 31, 1860).</subfield></datafield><datafield ind1=" " ind2=" " tag="500"><subfield code="a">The word "semi-weekly" printed within masthead ornament.</subfield></datafield><datafield ind1=" " ind2=" " tag="530"><subfield code="a">Available on microfilm from Microfilm Corp. of Pa.</subfield></datafield><datafield ind1=" " ind2="0" tag="651"><subfield code="a">Harrisburg (Pa.)</subfield><subfield code="v">Newspapers.</subfield></datafield><datafield ind1=" " ind2="7" tag="655"><subfield code="a">Newspapers.</subfield><subfield code="2">fast</subfield><subfield code="0">(OCoLC)fst01423814</subfield></datafield><datafield ind1=" " ind2="7" tag="651"><subfield code="a">Pennsylvania</subfield><subfield code="z">Harrisburg.</subfield><subfield code="2">fast</subfield><subfield code="0">(OCoLC)fst01204725</subfield></datafield><datafield ind1=" " ind2=" " tag="752"><subfield code="a">United States</subfield><subfield code="b">Pennsylvania</subfield><subfield code="c">Dauphin</subfield><subfield code="d">Harrisburg.</subfield></datafield><datafield ind1="0" ind2=" " tag="775"><subfield code="t">Pennsylvania daily telegraph (Harrisburg, Pa. : 1857)</subfield><subfield code="w">(DLC)sn 84035968</subfield></datafield><datafield ind1="0" ind2="0" tag="780"><subfield code="t">Pennsylvania weekly telegraph (Harrisburg, Pa. : 1859)</subfield><subfield code="w">(DLC)sn 84035977</subfield></datafield><datafield ind1="0" ind2="0" tag="785"><subfield code="t">Pennsylvania weekly telegraph (Harrisburg, Pa. : 1860)</subfield><subfield code="w">(DLC)sn 84035971</subfield></datafield><datafield ind1=" " ind2=" " tag="936"><subfield code="a">RECORD REPORTED FOR DELETION--USE #11259347</subfield></datafield></record>